
@techreport{cal_amm,
	author={Ang, J.A. and others},
	title={{Abstract Machine Models and Proxy Architectures for Exascale Computing}},
	year={2014},
	institution={Sandia National Laboratories and Lawrence Berkeley National Laboratory
		(DOE Computer Architecture Laboratories Project)}
}

